@article{REBENT,
author = {Grall, J. et Coïc N.},
year = {2006},
pages = {91},
title = {Synthèse des méthodes d'évaluation de la qualité du benthos en milieu côtier},
journal = {Prebent: réseau benthique},
}
@article{Sole2001,
author = {Sole, R. V. and Montoya, J. M.},
year = {2001},
pages = {2039--2045},
title = {{Complexity and fragility in ecological networks}},
journal = {Proceedings of the Royal Society B: Biological Sciences},
volume = {268},
}
@article{Boud1999,
author = {Boud, David and Cohen, Ruth and Sampson, Jane},
journal = {Assessment and Evaluation in Higher Education},
number = {4},
pages = {413--426},
title = {{Peer learning and assessment}},
volume = {24},
year = {1999}
}
@article{Delmas2019,
author = {Delmas, Eva and Besson, Mathilde and Brice, Marie Helene and Burkle, Laura A. and {Dalla Riva}, Giulio V. and Fortin, Marie Jos{\'{e}}e and Gravel, Dominique and Guimar{\~{a}}es, Paulo R. and Hembry, David H. and Newman, Erica A. and Olesen, Jens M. and Pires, Mathias M. and Yeakel, Justin D. and Poisot, Timothee},
journal = {Biological Reviews},
number = {1},
pages = {16--36},
title = {{Analysing ecological networks of species interactions}},
volume = {94},
year = {2019}
}
@article{Chang2018,
author = {Chang, Yunjeong and Brickman, Peggy},
journal = {CBE Life Sciences Education},
number = {3},
pages = {1--17},
title = {{When group work doesn't work: Insights from students}},
volume = {17},
year = {2018}
}
@article{Burdett2003,
author = {Burdett,Jane},
journal = {International Education Journal},
number = {3},
pages = {177--191},
title = {{Making groups work: University students perceptions}},
volume = {4},
year = {2003}
}

